%bog uden sidetal
@book{"Label",
   author = {},
   title = {},
   booktitle = {},
   publisher = {},
   language = {},
   year = {},
   isbn = {},
   url = {}
}
%bog med sidetal
@InBook{"Label",
   author = {},
   title = {},
   booktitle = {},
   publisher = {},
   language = {},
   year = {},
   isbn = {},
   pages = {} }%den/de brugte sider i referencen
   
   
%Internetside
@Webpage{"Label",
   title		= {},
   address  	= {},
   publisher	= {},
   type		    = {},
   year		    = {},
   lastchecked	= {},
   url		    = {}
}

@book{"calculus",
   author = {C. Henry Edwards and David E. Penney},
   title = {\textit{Calculus early transcendentals}},
   booktitle = {Calculus early transcendentals},
   publisher = {Pearson Prentice Hall},
   language = {English},
   year = {2008},
   isbn = {0-13-156989-9},
   edition = {Seventh edition}
}

@book{"ETP",
   author = {Ebbe Thue Poulsen},
   title = {\textit{Funktioner af en og flere variable}},
   booktitle = {Funktioner af en og flere variable},
   publisher = {Institut for Matematik Aarhus Universitet},
   language = {dansk},
   year = {2016},
   isbn = {2900000231672},
   url = {}
}

@book{"LAMA",
   author = {Sheldon Axler.},
   title = {\textit{Linear Algebra Done Right}},
   booktitle = {},
   publisher = {Springer},
   language = {English},
   year = {2015},
   isbn = {978-3-319-30765-7},
   url = {}
}

@book{"dmat",
   author = {Kenneth H. Rosen},
   title = {\textit{Discrete Mathematics and its Applications}},
   booktitle = {},
   publisher = {McGraw Hill},
   language = {English},
   year = {2007},
   isbn = {},
   url = {}
}

@book{"Alg",
   author = {Niels Lauritzen},
   title = {\textit{Concrete Abstract Algebra}},
   booktitle = {},
   publisher = {Cambridge University Press},
   language = {English},
   year = {2011},
   isbn = {978-0-521-53410-9},
   url = {}
}

@book{Morandi,
   author = {Patrick J. Morandi},
   title = {\textit{Symmetry Groups: The Classification of Wallpaper Patterns}},
   booktitle = {},
   publisher = {New Mexico State University},
   language = {English},
   year = {2007},
   isbn = {},
   url = {}
}

@book{"Algebra",
   author = {Michael Artin},
   title = {\textit{Algebra}},
   booktitle = {},
   publisher = {Prentice Hall},
   language = {English},
   year = {1991},
   isbn = {0-13-004763-5},
   url = {}
}
@book{"direct",
   author = {Victor E. Hill IV},
   title = {\textit{Groups and Characters}},
   booktitle = {Groups and characters},
   publisher = {Chapman \& Hall/CRC},
   language = {English},
   year = {2000},
   isbn = {1-58488-038-4},
   url = {}
}

@Webpage{Conrad,
   title		= {Group actions},
   address  	= {www.math.uconn.edu},
   publisher	= {University of Connecticut},
   type		    = {},
   year		    = {},
   lastchecked	= {25-02-2019},
   url		    = {http://bit.do/eRBYg}
}
@Webpage{"O2",
   title		= {Classification of finite rotation groups},
   address  	= {www.staff.city.ac.uk},
   publisher	= {City University London},
   type		    = {pdf},
   year		    = {2011 },
   lastchecked	= {25-02-2019},
   url		    = {http://bit.do/eRBYk}
}

@Webpage{"sejtmatematik",
   title		= {Isometries of n-dimensional space},
   address  	= {www-history.mcs.st-and.ac.uk},
   publisher	= {School of Mathematics and Statistics, University of St Andrews, Scotland},
   type		    = {},
   year		    = {2010},
   lastchecked	= {18-04-2019},
   url		    = {http://bit.do/eRBYr}
}

@Webpage{"Raussen",
   title		= {Lineær algebra: Ortogonale og symmetriske matricer},
   address  	= {http://people.math.aau.dk},
   publisher	= {Institut for Matematiske Fag
Aalborg Universitet},
   type		    = {},
   year		    = {2011},
   lastchecked	= {19-04-2019},
   url		    = {http://bit.do/eRBYt}
}

@Webpage{"semi",
   title		= {Semidirect Product},
   address  	= {https://brilliant.org/wiki/semidirect-product/},
   publisher	= {Brilliant.org},
   type		    = {},
   year		    = {2019},
   lastchecked	= {22-04-2019},
   url		    = {http://bit.do/eRBYz}
}


@Webpage{"Fedorov",
   title		= {The Visualization of Spherical Patterns with Symmetries of the Wallpaper  Group},
   address  	= {www.hindawi.com},
   publisher	= {Shihuan Liu, Ming Leng and Peichang Ouyang},
   type		    = {},
   year		    = {2018},
   lastchecked	= {23-04-2019},
   url		    = {http://bit.do/eRBYG}
}


@book{History,
   author = {Israel Kleiner},
   title = {\textit{A History of Abstract Algebra}},
   booktitle = {},
   publisher = {Birkhäuser Boston},
   language = {English},
   year = {2007},
   isbn = {978-0-8176-4684-4},
   url = {}
}

@book{"his",
author = {Selzer, Michael},
publisher = {KeepAhead Press},
year = {2016},
month = {03},
pages = {},
title = {\textit{The history of the concept of symmetry}},
edition ={2nd edition},
isbn = {97815058855545}
}

@Webpage{"escher",
   title		= {M.C. Escher},
   address  	= {https://www.mcescher.com/gallery/switzerland-belgium/no-18-two-birds/},
   publisher	= {The Official M.C. Escher Website},
   type		    = {},
   year		    = {2013},
   lastchecked	= {23-04-2019},
   url		    = {http://bit.do/eRBYK}
}

@Webpage{DaveBayer,
   title		= {Notes on Semidirect Products},
   address  	= {http://www.math.columbia.edu/~bayer/},
   publisher	= {Barnard College, Columbia University},
   type		    = {},
   year		    = {2007},
   lastchecked	= {01-05-2019},
   url		    = {http://bit.do/eRBYU}
}

@Webpage{MorandiSemi,
   title		= {Semidirect Products},
   address  	= {https://wordpress.nmsu.edu/pamorand/},
   publisher	= {New Mexico State University},
   type		    = {},
   year		    = {1998},
   lastchecked	= {01-05-2019},
   url		    = {http://bit.do/eRBYY}
}

@Webpage{FlowChart,
   title		= {Wallpaper Patterns},
   address  	= {https://mathstat.slu.edu/escher/index.php/},
   publisher	= {Saint Louis University},
   type		    = {},
   year		    = {2019},
   lastchecked	= {15-05-2019},
   url		    = {http://bit.do/eSsrB}
}


@book{,
   author = {},
   title = {},
   booktitle = {},
   publisher = {},
   language = {},
   year = {},
   isbn = {},
   url = {}
}

@book{Braess,
 place={Cambridge},
  edition={3},
  title={Finite Elements: Theory, Fast Solvers, and Applications in Solid Mechanics},
  publisher={Cambridge University Press},
  author={Dietrich Braess},
  year={2007}}

@book{Brezis,
   author = {Haim Brezis},
   title = {Functional Analysis, Sobolev Spaces and Partial Differential Equations},
   publisher = {Springer New York, NY},
   language = {English},
   year = {2010},
   isbn = {978-0-387-70913-0}
}